@misc{sachan_2017,
    title={Tensorflow Tutorial 2: image classifier using convolutional neural network},
    url={https://cv-tricks.com/tensorflow-tutorial/training-convolutional-neural-network-for-image-classification/},
    journal={CV-Tricks.com},
    author={SACHAN, ANKIT},
    year={2017},
    month={Feb}
}